@article{Gou_2021,
	doi = {10.1007/s11263-021-01453-z},
  
	url = {https://doi.org/10.1007%2Fs11263-021-01453-z},
  
	year = 2021,
	month = {mar},
  
	publisher = {Springer Science and Business Media {LLC}},
  
	volume = {129},
  
	number = {6},
  
	pages = {1789--1819},
  
	author = {Jianping Gou and Baosheng Yu and Stephen J. Maybank and Dacheng Tao},
  
	title = {Knowledge Distillation: A Survey},
  
	journal = {International Journal of Computer Vision}
}

@misc{stoudenmire2017supervised,
      title={Supervised Learning with Quantum-Inspired Tensor Networks}, 
      author={E. Miles Stoudenmire and David J. Schwab},
      year={2017},
      eprint={1605.05775},
      archivePrefix={arXiv},
      primaryClass={stat.ML}
}